@misc{MEFUruguay,
  author       = {{Ministerio de Economía y Finanzas}},
  title        = {{Información y Resultados del Sector Público}},
  date         = {2024-05-31},
  howpublished = {\url{https://www.gub.uy/ministerio-economia-finanzas/datos-y-estadisticas/estadisticas/informacion-resultados-del-sector-publico}},
  note         = {Incluye Gobierno Central, Inversiones GC, Deuda Flotante, Recursos Libre Disponibilidad, DGI, AFE, Ancap, ANP, Antel, ANV, OSE, UTE, Gobierno Central Consolidado y Empresas Públicas Consolidado.},
}

@book{box1994time,
  title={Time Series Analysis; Forecasting and Control},
  author={Box, G.E.P. and Jenkins, G.M. and Reinsel, G.C.},
  year={1994},
  edition={3rd},
  publisher={Prentice Hall},
  address={Englewood Cliff, New Jersey}
}









@article{yu_jones,
	title = {Local Linear Quantile Regression },
	volume = {93:441},
	journaltitle = {Journal of the American Statistical Association},
	pages = {228-237},
	url = {},
	date = {1998},
	doi = {10.1080/01621459.1998.10474104},
	shorttitle = {},
	author = {Yu, Keming and Jones, M. C.},
}

@article{huang_nguyen,
	title = {A nonparametric approach for quantile regression},
	volume = {5:3},
	journaltitle = {Journal of Statistical Distributions and Applications},
	pages = {},
	url = {},
	date = {2018},
	doi = {10.1186/s40488-018-0084-9},
	shorttitle = {},
	author = {Huang, Mei Ling and Nguyen, Christine},
}

@misc{regression_example,
  title = {Regresión Cuantílica (Quantile Regression)},
author = {Amat Rodrigo, Joaquín},
  howpublished = {\url{https://rpubs.com/Joaquin_AR/291106}},
  note = {Published: 2017-07}
}